<collection xmlns="http://www.loc.gov/MARC21/slim">
   <record>
      <leader>02324cam a2200469 i 4500</leader>
      <controlfield tag="001">6791877</controlfield>
      <controlfield tag="003">OCoLC</controlfield>
      <controlfield tag="005">20150127145548.0</controlfield>
      <controlfield tag="006">m     o  d        </controlfield>
      <controlfield tag="007">cr cnu---unuuu</controlfield>
      <controlfield tag="008">141117s2015    ne a    ob    001 0 eng d</controlfield>
      <datafield ind1=" " ind2=" " tag="020">
         <subfield code="a">9789401792400</subfield>
         <subfield code="q">electronic bk.</subfield>
      </datafield>
      <datafield ind1=" " ind2=" " tag="020">
         <subfield code="a">9401792402</subfield>
         <subfield code="q">electronic bk.</subfield>
      </datafield>
      <datafield ind1=" " ind2=" " tag="020">
         <subfield code="z">9789401791731</subfield>
      </datafield>
      <datafield ind1="7" ind2=" " tag="024">
         <subfield code="a">10.1007/978-94-017-9240-0</subfield>
         <subfield code="2">doi</subfield>
      </datafield>
      <datafield ind1=" " ind2=" " tag="035">
         <subfield code="a">ocn895671533</subfield>
      </datafield>
      <datafield ind1=" " ind2=" " tag="039">
         <subfield code="a">exclude</subfield>
      </datafield>
      <datafield ind1=" " ind2=" " tag="040">
         <subfield code="a">GW5XE</subfield>
         <subfield code="b">eng</subfield>
         <subfield code="e">rda</subfield>
         <subfield code="e">pn</subfield>
         <subfield code="c">GW5XE</subfield>
         <subfield code="d">YDXCP</subfield>
         <subfield code="d">N$T</subfield>
         <subfield code="d">OCLCQ</subfield>
         <subfield code="d">E7B</subfield>
         <subfield code="d">AEU</subfield>
      </datafield>
      <datafield ind1=" " ind2="4" tag="050">
         <subfield code="a">ND653.R4</subfield>
      </datafield>
      <datafield ind1=" " ind2="7" tag="072">
         <subfield code="a">ART</subfield>
         <subfield code="x">015000</subfield>
         <subfield code="2">bisacsh</subfield>
      </datafield>
      <datafield ind1="0" ind2="4" tag="082">
         <subfield code="a">759.9492092</subfield>
         <subfield code="2">22</subfield>
      </datafield>
      <datafield ind1=" " ind2=" " tag="090">
         <subfield code="a">Internet Access</subfield>
         <subfield code="b">AEU</subfield>
      </datafield>
      <datafield ind1="1" ind2=" " tag="100">
         <subfield code="a">Wetering, Ernst van de,</subfield>
         <subfield code="d">1938-</subfield>
         <subfield code="e">author.</subfield>
         <subfield code="0">http://id.loc.gov/authorities/names/no98007886</subfield>
         <subfield code="0">http://viaf.org/viaf/116386205</subfield>
      </datafield>
      <datafield ind1="1" ind2="2" tag="245">
         <subfield code="a">A corpus of Rembrandt paintings.</subfield>
         <subfield code="n">VI,</subfield>
         <subfield code="p">Rembrandt's paintings revisited :</subfield>
         <subfield code="b">a complete survey /</subfield>
         <subfield code="c">Ernst van de Wetering ; with collaboration of Carin Van Nes ; translated and edited by Murray Pearson.</subfield>
      </datafield>
      <datafield ind1="3" ind2=" " tag="246">
         <subfield code="a">Rembrandt's paintings revisited</subfield>
      </datafield>
      <datafield ind1=" " ind2="1" tag="264">
         <subfield code="a">Dordrecht :</subfield>
         <subfield code="b">Springer,</subfield>
         <subfield code="c">2015.</subfield>
      </datafield>
      <datafield ind1=" " ind2=" " tag="300">
         <subfield code="a">1 online resource (736 pages) :</subfield>
         <subfield code="b">illustrations</subfield>
      </datafield>
      <datafield ind1=" " ind2=" " tag="336">
         <subfield code="a">text</subfield>
         <subfield code="b">txt</subfield>
         <subfield code="2">rdacontent</subfield>
         <subfield code="0">http://id.loc.gov/vocabulary/contentTypes/txt</subfield>
      </datafield>
      <datafield ind1=" " ind2=" " tag="337">
         <subfield code="a">computer</subfield>
         <subfield code="b">c</subfield>
         <subfield code="2">rdamedia</subfield>
         <subfield code="0">http://id.loc.gov/vocabulary/mediaTypes/c</subfield>
      </datafield>
      <datafield ind1=" " ind2=" " tag="338">
         <subfield code="a">online resource</subfield>
         <subfield code="b">cr</subfield>
         <subfield code="2">rdacarrier</subfield>
         <subfield code="0">http://id.loc.gov/vocabulary/carriers/cr</subfield>
      </datafield>
      <datafield ind1=" " ind2=" " tag="504">
         <subfield code="a">Includes bibliographical references and index.</subfield>
      </datafield>
      <datafield ind1=" " ind2=" " tag="506">
         <subfield code="a">Access restricted to authorized users and institutions.</subfield>
      </datafield>
      <datafield ind1="0" ind2=" " tag="588">
         <subfield code="a">Print version record.</subfield>
      </datafield>
      <datafield ind1=" " ind2=" " tag="596">
         <subfield code="a">44</subfield>
      </datafield>
      <datafield ind1="0" ind2="0" tag="600">
         <subfield code="a">Rembrandt Harmenszoon van Rijn,</subfield>
         <subfield code="d">1606-1669.</subfield>
         <subfield code="0">http://id.loc.gov/authorities/names/n79142935</subfield>
      </datafield>
      <datafield ind1="1" ind2=" " tag="700">
         <subfield code="a">Nes, Carin van,</subfield>
         <subfield code="e">contributor.</subfield>
         <subfield code="0">http://viaf.org/viaf/176149366343185601854</subfield>
      </datafield>
      <datafield ind1="1" ind2=" " tag="700">
         <subfield code="a">Pearson, Murray,</subfield>
         <subfield code="e">translator</subfield>
         <subfield code="e">editor.</subfield>
         <subfield code="0">http://id.loc.gov/authorities/names/no2006075183</subfield>
         <subfield code="0">http://viaf.org/viaf/73610806</subfield>
      </datafield>
      <datafield ind1=" " ind2=" " tag="758">
         <subfield code="0">http://worldcat.org/entity/work/id/3860571312</subfield>
      </datafield>
      <datafield ind1="0" ind2=" " tag="787">
         <subfield code="n">OCLC Work Id</subfield>
         <subfield code="o">http://worldcat.org/entity/work/id/3860571312</subfield>
      </datafield>
      <datafield ind1="4" ind2="0" tag="856">
         <subfield code="3">University of Alberta Access</subfield>
         <subfield code="u">http://dx.doi.org/10.1007/978-94-017-9240-0</subfield>
         <subfield code="z">(Unlimited Concurrent Users)</subfield>
      </datafield>
      <datafield ind1=" " ind2=" " tag="949">
         <subfield code="h">UAIN</subfield>
         <subfield code="z">SPRINGER</subfield>
      </datafield>
      <datafield ind1=" " ind2=" " tag="926">
         <subfield code="a">Internet Access</subfield>
         <subfield code="w">LC</subfield>
         <subfield code="c">1</subfield>
         <subfield code="i">6791877-1001</subfield>
         <subfield code="l">INTERNET</subfield>
         <subfield code="m">UAINTERNET</subfield>
         <subfield code="r">Y</subfield>
         <subfield code="s">Y</subfield>
         <subfield code="t">E-RESOURCE</subfield>
         <subfield code="u">1/29/2015</subfield>
         <subfield code="x">E-BOOK</subfield>
         <subfield code="z">SPRINGER</subfield>
      </datafield>
   </record>
</collection>
